@online{wiki,
	title = {Corresponding Wikipedia Article},
	author = {Wikipedia},
	year = {2012},
	language = {English},
	howpublished = {\url{www.wikipedia.org}},
}


